@article{agile_development,
author = {Sharma, Sheetal and Sarkar, Darothi and Gupta, Divya},
year = {2012},
month = {05},
pages = {},
title = {Agile Processes and Methodologies: A Conceptual Study},
volume = {4},
journal = {International Journal on Computer Science and Engineering}
}

@online{brushed_vs_brushless,
author = {Pete Millett},
title = {Brushless Vs Brushed DC Motors: When and Why to Choose One Over the Other},
year = {2021},
url = {https://www.monolithicpower.com/en/brushless-vs-brushed-dc-motors},
OPTurldate = {Sep 2021},
}

@online{nRF24L01_lib_ref,
author = {Owen Edwards},
title = {Brushless Vs Brushed DC Motors: When and Why to Choose One Over the Other},
month = {Jan},
year = {2011},
url = {https://os.mbed.com/users/Owen/code/nRF24L01P/},
OPTurldate = {Oct 2021},
}

@article{PWM_control_of_an_ESC,
author = {Zhang, W. and Wang, W. and Ding, N. and Li, C.},
year = {2012},
month = {07},
pages = {19-24},
title = {The main-loop and servo-loop structure control strategy of ESC},
volume = {35},
journal = {Chongqing Daxue Xuebao/Journal of Chongqing University}
}
